@incollection{erdos1969conj,
  author      = {Erd\H{o}s, Paul},
  title       = {Problems and results in combinatorial analysis and graph theory},
  booktitle   = {Proof Techniques in Graph Theory (ed. F. Harary)},
  publisher   = {Academic Press},
  address     = {New York},
  year        = {1969},
  pages       = {27--35},
}

@article{rodl1977chromatic,
  title={On the chromatic number of subgraphs of a given graph},
  author={R{\"o}dl, V},
  journal={Proceedings of the American Mathematical Society},
  volume={64},
  number={2},
  pages={370--371},
  year={1977}
}

@article{mohar2015triangle,
  title={Triangle-free subgraphs with large fractional chromatic number},
  author={Mohar, Bojan and Wu, Hehui},
  journal={Electronic Notes in Discrete Mathematics},
  volume={49},
  pages={661--666},
  year={2015},
  publisher={Elsevier}
}

@article{gyarfas1992graphs,
  title={Graphs with k odd cycle lengths},
  author={Gy{\'a}rf{\'a}s, Andr{\'a}s},
  journal={Discrete Mathematics},
  volume={103},
  number={1},
  pages={41--48},
  year={1992},
  publisher={Elsevier}
}

@article{erdos1959graph,
  title={Graph theory and probability},
  author={Erd{\"o}s, Paul},
  journal={Canadian Journal of Mathematics},
  volume={11},
  pages={34--38},
  year={1959},
  publisher={Cambridge University Press}
}

@inproceedings{mohar2016dichromatic,
  title={Dichromatic number and fractional chromatic number},
  author={Mohar, Bojan and Wu, Hehui},
  booktitle={Forum of Mathematics, Sigma},
  volume={4},
  year={2016},
  organization={Cambridge University Press}
}