@incollection{erdos1969conj,
  author      = {Erd\H{o}s, Paul},
  title       = {Problems and results in combinatorial analysis and graph theory},
  booktitle   = {Proof Techniques in Graph Theory (ed. F. Harary)},
  publisher   = {Academic Press},
  address     = {New York},
  year        = {1969},
  pages       = {27--35}
}

@article{rodl1977chromatic,
  title={On the chromatic number of subgraphs of a given graph},
  author={R{\"o}dl, V},
  journal={Proceedings of the American Mathematical Society},
  volume={64},
  number={2},
  pages={370--371},
  year={1977},
  ISSN = {0002-9939},
  MRCLASS = {05C15},
  MRNUMBER = {469806},
  MRREVIEWER = {Michael O. Albertson},
  DOI = {10.2307/2041460},
  URL = {https://doi.org/10.2307/2041460}
}

@article{mohar2015triangle,
  title={Triangle-free subgraphs with large fractional chromatic number},
  author={Mohar, Bojan and Wu, Hehui},
  journal={Electronic Notes in Discrete Mathematics},
  volume={49},
  pages={661--666},
  year={2015},
  publisher={Elsevier}
}

@article{gyarfas1992graphs,
  title={Graphs with k odd cycle lengths},
  author={Gy{\'a}rf{\'a}s, Andr{\'a}s},
  journal={Discrete Mathematics},
  volume={103},
  number={1},
  pages={41--48},
  year={1992},
  publisher={Elsevier},
  ISSN = {0012-365X},
  MRCLASS = {05C38},
  MRNUMBER = {1171115},
  MRREVIEWER = {David Burns},
  DOI = {10.1016/0012-365X(92)90037-G},
  URL = {https://doi.org/10.1016/0012-365X(92)90037-G}
}

@article{erdos1959graph,
  title={Graph theory and probability},
  author={Erd{\"o}s, Paul},
  journal={Canadian Journal of Mathematics},
  volume={11},
  pages={34--38},
  year={1959},
  publisher={Cambridge University Press}
}

@inproceedings{mohar2016dichromatic,
  title={Dichromatic number and fractional chromatic number},
  author={Mohar, Bojan and Wu, Hehui},
  booktitle={Forum of Mathematics, Sigma},
  volume={4},
  year={2016},
  organization={Cambridge University Press},
  MRCLASS = {05C15},
  MRNUMBER = {3593495},
  MRREVIEWER = {B. Naimeh Onagh},
  DOI = {10.1017/fms.2016.28},
  URL = {https://doi.org/10.1017/fms.2016.28}
}

@article{descartes1947three,
  title={A three colour problem},
  author={Descartes, Blanche},
  journal={Eureka},
  volume={9},
  number={21},
  pages={24--25},
  year={1947}
}

@article{zykov1949some,
  title={On some properties of linear complexes},
  author={Zykov, Alexander Aleksandrovich},
  journal={Matematicheskii sbornik},
  volume={66},
  number={2},
  pages={163--188},
  year={1949},
  publisher={Russian Academy of Sciences, Steklov Mathematical Institute of Russian~…},
  MRCLASS = {56.0X},
  MRNUMBER = {0035428},
  MRREVIEWER = {W. T. Tutte}
}

@inproceedings{mycielski1955coloriage,
  title={Sur le coloriage des graphes},
  author={Mycielski, Jan},
  booktitle={Colloq. Math},
  volume={3},
  pages={161-162},
  year={1955}
}

@article{codenotti2000some,
  title={Some structural properties of low-rank matrices related to computational complexity},
  author={Codenotti, Bruno and Pudl{\'a}k, Pavel and Resta, Giovanni},
  journal={Theoretical Computer Science},
  volume={235},
  number={1},
  pages={89--107},
  year={2000},
  publisher={Elsevier},
  ISSN = {0304-3975},
  MRCLASS = {05C50 (05C85 15A03 68Q17)},
  MRNUMBER = {1765967},
  DOI = {10.1016/S0304-3975(99)00185-1},
  URL = {https://doi.org/10.1016/S0304-3975(99)00185-1}
}

@book{bollobas2013modern,
  title={Modern graph theory},
  author={Bollob{\'a}s, B{\'e}la},
  volume={184},
  year={2013},
  publisher={Springer Science \& Business Media}
}

@book{bollobas2004extremal,
  title={Extremal graph theory},
  author={Bollob{\'a}s, B{\'e}la},
  year={2004},
  publisher={Courier Corporation}
}

@article{erdHos1966chromatic,
  title={On chromatic number of graphs and set-systems},
  author={Erd{\H{o}}s, Paul and Hajnal, Andr{\'a}s},
  journal={Acta Mathematica Academiae Scientiarum Hungarica},
  volume={17},
  number={1-2},
  pages={61--99},
  year={1966},
  publisher={Springer},
  ISSN = {0001-5954},
  MRCLASS = {05.55},
  MRNUMBER = {193025},
  MRREVIEWER = {W. Moser},
  DOI = {10.1007/BF02020444},
  URL = {https://doi.org/10.1007/BF02020444}
}

@book{alon2004probabilistic,
  title={The probabilistic method},
  author={Alon, Noga and Spencer, Joel H},
  year={2004},
  publisher={John Wiley \& Sons}
}

@inproceedings {erdos1968chromatic,
    AUTHOR = {Erd\H{o}s, P. and Hajnal, A.},
     TITLE = {On chromatic number of infinite graphs},
 BOOKTITLE = {Theory of {G}raphs ({P}roc. {C}olloq., {T}ihany, 1966)},
     PAGES = {83--98},
 PUBLISHER = {Academic Press, New York},
      YEAR = {1968},
   MRCLASS = {05.55},
  MRNUMBER = {0263693},
MRREVIEWER = {E. C. Milner}
}

@article{lovasz1978kneser,
  title={Kneser's conjecture, chromatic number, and homotopy},
  author={Lov{\'a}sz, L{\'a}szl{\'o}},
  journal={Journal of Combinatorial Theory, Series A},
  volume={25},
  number={3},
  pages={319--324},
  year={1978},
  publisher={Elsevier},
  ISSN = {0097-3165},
  MRCLASS = {05C15 (57M15)},
  MRNUMBER = {514625},
  DOI = {10.1016/0097-3165(78)90022-5},
  URL = {https://doi.org/10.1016/0097-3165(78)90022-5}
}

@article{kneser1955aufgabe,
  title={Aufgabe 360},
  author={Kneser, Martin},
  journal={Jahresbericht der Deutschen Mathematiker-Vereinigung},
  volume={2},
  number={27},
  pages={3--16},
  year={1955}
}

@unpublished{gabor2018cepa,
title= {On an Erd{\H o}s-Hajnal Conjecture},
author = {Tardos, Gábor and Walczak, Bartosz},
year = {2018},
note= {Apresentado durante o evento Combinatorics: Extremal, Probabilistic and Additive, São Paulo}
}

@article{borsuk1933drei,
  title={Drei S{\"a}tze {\"u}ber die n-dimensionale euklidische Sph{\"a}re},
  author={Borsuk, Karol},
  journal={Fundamenta Mathematicae},
  volume={20},
  number={1},
  pages={177--190},
  year={1933}
}

@book{aigner2010proofs,
  title={Proofs from the Book},
  author={Aigner, Martin and Ziegler, G{\"u}nter M and Hofmann, Karl H and Erdos, Paul},
  volume={274},
  year={2010},
  publisher={Springer}
}

@article{lyusternik1947topological,
  title={Topological methods in variational problems and their application to the differential geometry of surfaces},
  author={Lyusternik, Lazar Aronovich and Shnirel'man, Lev Genrikhovich},
  journal={Uspekhi Matematicheskikh Nauk},
  volume={2},
  number={1},
  pages={166--217},
  year={1947},
  publisher={Russian Academy of Sciences, Steklov Mathematical Institute of Russian~…},
  ISSN = {0042-1316},
  MRCLASS = {53.0X},
  MRNUMBER = {0029532},
  MRREVIEWER = {H. Busemann}
}

@article{avart2014generalized,
  title={On generalized shift graphs},
  author={Avart, Christian and {\L}uczak, Tomasz and R{\"o}dl, Vojt{\v{e}}ch},
  journal={Fundamenta Mathematicae},
  volume={2},
  number={226},
  pages={173--199},
  year={2014},
  ISSN = {0016-2736},
  MRCLASS = {05C15 (05C63)},
  MRNUMBER = {3224120},
  MRREVIEWER = {Miodrag \v{Z}ivkovi\'{c}},
  DOI = {10.4064/fm226-2-6},
  URL = {https://doi.org/10.4064/fm226-2-6}
}

@article{greene2002new,
  title={A new short proof of Kneser's conjecture},
  author={Greene, Joshua E},
  journal={The American mathematical monthly},
  volume={109},
  number={10},
  pages={918--920},
  year={2002},
  publisher={Taylor \& Francis},
  ISSN = {0002-9890},
  MRCLASS = {05A18},
  MRNUMBER = {1941810},
  DOI = {10.2307/3072460},
  URL = {https://doi.org/10.2307/3072460}
}

@article{knuth1976mathematics,
  title={Mathematics and computer science: coping with finiteness},
  author={Knuth, Donald Ervin},
  journal={Science (New York, NY)},
  volume={194},
  number={4271},
  pages={1235--1242},
  year={1976},
  ISSN = {0036-8075},
  MRCLASS = {68-01},
  MRNUMBER = {534161},
  DOI = {10.1126/science.194.4271.1235},
  URL = {https://doi.org/10.1126/science.194.4271.1235}
}